@article{paper,
  author = {Zhou, Yichao and Zeng, Jianyang},
  month = {02},
  title = {Massively Parallel A* Search on a GPU},
  url = {https://ojs.aaai.org/index.php/AAAI/article/view/9367},
  urldate = {2022-05-05},
  volume = {29},
  year = {2015},
  journal = {Proceedings of the AAAI Conference on Artificial Intelligence}
}